%% This BibTeX bibliography file was created using BibDesk.
%% https://bibdesk.sourceforge.io/

%% Created for Sgallon at 2021-01-15 10:41:40 +0800 


%% Saved with string encoding Unicode (UTF-8)

@inproceedings{glorot2010understanding,
  title={Understanding the difficulty of training deep feedforward neural networks},
  author={Glorot, Xavier and Bengio, Yoshua},
  booktitle={Proceedings of the thirteenth international conference on artificial intelligence and statistics},
  pages={249--256},
  year={2010},
  organization={JMLR Workshop and Conference Proceedings}
}